@BOOK{bringhurst:2002,
  title = {{T}he {E}lements of {T}ypographic {S}tyle},
  publisher = {Hartley \& Marks Publishers},
  year = {2008},
  author = {Bringhurst, R. },
  series = {Version 3.2},
  address = {Point Roberts, WA, USA}
}

@ARTICLE{knuth:1974,
  author = {Knuth, D. E.},
  title = {{C}omputer {P}rogramming as an {A}rt},
  journal = {Communications of the ACM},
  year = {1974},
  volume = {17},
  pages = {667--673},
  number = {12},
  address = {New York, NY, USA},
  publisher = {ACM Press}
}

@BOOK{verne_journey:1957,
  title={Journey to the Center of the Earth},
  author={Verne, J.},
  isbn={9780758311993},
  series={Classics illustrated},
  year={1957},
  publisher={Huge Print Press}
}




@article{ranganathan2010-pac,
	author = {Parthasarathy, Ranganathan},
	title = {Recipe for Efficiency: Principles of PowerAware Computing},
	journaltitle = {Communications of the ACM},
	volume = {53},
	number = {4},
	month = {04},
	pages = {60-67},
	year = {2010},
}

@article{PerezMirandolaMers2007-qosbw,
	author = {Diego, Perez-Palacin and Raffaela, Mirandola and José, Merseguer},
	title = {Accurate Modeling and Efficient QoS Analysis of Adaptive Systems under Bursty Workload},
	journaltitle = {JOURNAL OF LATEX CLASS FILES},
	volume = {6},
	number = {1},
	month = {01},
	year = {2007},
}

@article{MarzollaMirandola2013-dpm,
	author = {Moreno, Marzolla, and Raffaela, Mirandola},
	title = {Dynamic power management for QoS-aware applications},
	journaltitle = {Sustainable Computing: Informatics and Systems},
	volume = {3},
	issue = {4},
	month = {02},
	pages = {231-248},
	year = {2013},
}


@article{PerezMirandolaMerseguer2014-relQoSandSWadapt,
	author = {Diego, Perez-Palacin and Raffaela, Mirandola and José, Merseguer},
	title = {On the relationships between QoS and software adaptability at thearchitectural level},
	journaltitle = {Journal of Systems and Software},
	volume = {87},
	month = {01},
	pages = {1-17},
	year = {2013},
}

@article{PerezMirandolaMerseguer2014-QoSandPetriNets,
	author = {Diego, Perez-Palacin and Raffaela, Mirandola and José, Merseguer},
	title = {QoS and energy management with Petri nets: A self-adaptive framework},
	journaltitle = {Journal of Systems and Software},
	volume = {85},
	issue = {12},
	month = {12},
	pages = {2796–2811},
	year = {2012},
}

@article{DinhLeeNiyatoWand2013-surveyMCC,
	author = {Dusit, Niyato and Hoang, Dinh and Chonho, Lee  and Ping, Wang},
	title = {A survey of mobile cloud computing: architecture, applications, and approaches},
	journaltitle = {Wireless Communications and Mobile Computing},
	volume = {13},
	issue = {18},
	month = {12},
	pages = {1587–1611},
	year = {2013},
}







@manual{BT-CoreSpec4.0,
	title = {Bluetooth Core Specification 4.0},
	date = {30 June 2010},
	volume = {6},
	url = {https://www.bluetooth.org/en-us/specification/adopted-specifications},
}

@online{BT-SmartMarks,
	title = {Bluetooth smart marks},
	url = {https://www.bluetooth.org/en-us/bluetooth-brand/smart-marks},
	organization = {Bluetooth SIG},
}

@online{BT-Brand,
	title = {Bluetooth Brand},
	url = {http://www.bluetooth.com/Pages/Bluetooth-Brand.aspx},
	organization = {Bluetooth SIG},
}

@online{BT-Basics,
	title = {Bluetooth Basics},
	url = {http://www.bluetooth.com/Pages/Basics.aspx},
	organization = {Bluetooth SIG},
}

@thesis{tesi_tibertoa2013,
	author = {Alessia, Tiberto},
	title = {Confronto tra Bluetooth Basic Rate e Bluetooth Low Energy},
	type = {Bachelor Degree},
	institution = {institution},
	url = {http://tesi.cab.unipd.it/44150/1/tesi_tibertoa.pdf},
}

@article{sensor2012,
	author = {Carles, Gomez and Joaquim, Oller and Josep, Paradells},
	title = {Overview and Evaluation of Bluetooth Low Energy: An Emerging Low-Power Wireless Technology},
	journaltitle = {Sensors 2012},
	volume = {12},
	issue = {9},
	month = {08},
	pages = {1587–1611},
	year = {2012},
}